<?xml version="1.0" encoding="utf-8"?>
<record xmlns="http://www.loc.gov/MARC21/slim" xmlns:xsi="http://www.w3.org/2001/XMLSchema-instance" xsi:schemaLocation="http://www.loc.gov/MARC21/slim http://www.loc.gov/standards/marcxml/schema/MARC21slim.xsd">
	<leader>     nam a22     Mi 4500</leader>
	<controlfield tag="001">385992</controlfield>
	<controlfield tag="003">NjP</controlfield>
	<controlfield tag="006">m        d        </controlfield>
	<controlfield tag="007">cr cn |||m|||a</controlfield>
	<controlfield tag="008">210322m19289999ae a    ob    000 0 ara d</controlfield>
	<datafield ind1=" " ind2=" " tag="040">
		<subfield code="a">ZYU</subfield>
		<subfield code="b">ara</subfield>
		<subfield code="e">rda</subfield>
		<subfield code="c">ZYU</subfield>
	</datafield>
	<datafield ind1="1" ind2=" " tag="100">
		<subfield code="6">880-01</subfield>
		<subfield code="a">Jazāʼirī, ʻUmar bin Qaddūr.</subfield>
	</datafield>
	<datafield ind1="1" ind2="0" tag="240">
		<subfield code="6">880-02</subfield>
		<subfield code="a">Ibdāʼ wa-al-iʻādah</subfield>
	</datafield>
	<datafield ind1="1" ind2="3" tag="245">
		<subfield code="6">880-03</subfield>
		<subfield code="a">al-Juzʼ al-awwal min Kitāb al-ibdāʼ wa-al-iʻādah fī maslak Sāʼiq al-saʻādah /</subfield>
		<subfield code="c">taʼlīf ʻUmar bin Qaddūr al-Jazāʼirī.</subfield>
	</datafield>
	<datafield ind1=" " ind2=" " tag="260">
		<subfield code="6">880-04</subfield>
		<subfield code="a">Aljazāʼir :</subfield>
		<subfield code="b">ʻU.b.Q. al-Jazāʼirī,</subfield>
		<subfield code="c">1928-</subfield>
	</datafield>
	<datafield ind1=" " ind2=" " tag="300">
		<subfield code="a">online resource (volumes) :</subfield>
		<subfield code="b">illustrations</subfield>
	</datafield>
	<datafield ind1=" " ind2=" " tag="336">
		<subfield code="a">text</subfield>
		<subfield code="2">rdacontent</subfield>
	</datafield>
	<datafield ind1=" " ind2=" " tag="337">
		<subfield code="a">computer</subfield>
		<subfield code="2">rdamedia</subfield>
	</datafield>
	<datafield ind1=" " ind2=" " tag="338">
		<subfield code="a">online resource</subfield>
		<subfield code="2">rdacarrier</subfield>
	</datafield>
	<datafield ind1=" " ind2=" " tag="500">
		<subfield code="a">Title page partially vocalized.</subfield>
	</datafield>
	<datafield ind1=" " ind2=" " tag="500">
		<subfield code="a">Part of the Arabic Collections Online (ACO) project, contributed by Princeton University Libraries.</subfield>
	</datafield>
	<datafield ind1=" " ind2=" " tag="504">
		<subfield code="a">Includes bibliographical references.</subfield>
	</datafield>
	<datafield ind1=" " ind2=" " tag="533">
		<subfield code="a">Electronic reproduction.</subfield>
		<subfield code="b">New York, N.Y. :</subfield>
		<subfield code="c">New York University,</subfield>
		<subfield code="d">2021.</subfield>
		<subfield code="5">NNU</subfield>
	</datafield>
	<datafield ind1=" " ind2="0" tag="650">
		<subfield code="a">Sufism.</subfield>
	</datafield>
	<datafield ind1=" " ind2="0" tag="650">
		<subfield code="a">Tijānīyah.</subfield>
	</datafield>
	<datafield ind1=" " ind2="7" tag="650">
		<subfield code="a">Sufism.</subfield>
		<subfield code="2">fast</subfield>
		<subfield code="0">(OCoLC)fst01137257</subfield>
	</datafield>
	<datafield ind1=" " ind2="7" tag="650">
		<subfield code="a">Tijānīyah.</subfield>
		<subfield code="2">fast</subfield>
		<subfield code="0">(OCoLC)fst01150865</subfield>
	</datafield>
	<datafield ind1="1" ind2=" " tag="700">
		<subfield code="6">880-05</subfield>
		<subfield code="a">Jazāʼirī, ʻUmar bin Qaddūr.</subfield>
		<subfield code="t">Sāʼiq al-saʻādah.</subfield>
	</datafield>
	<datafield ind1="2" ind2=" " tag="710">
		<subfield code="a">Princeton University.</subfield>
		<subfield code="b">Library.</subfield>
	</datafield>
	<datafield ind1="0" ind2=" " tag="730">
		<subfield code="a">Arabic Collections Online.</subfield>
	</datafield>
	<datafield ind1="0" ind2=" " tag="740">
		<subfield code="6">880-06</subfield>
		<subfield code="a">Kitāb al-ibdāʼ wa-al-iʻādah fī maslak Sāʼiq al-saʻādah.</subfield>
	</datafield>
	<datafield ind1="0" ind2=" " tag="740">
		<subfield code="6">880-07</subfield>
		<subfield code="a">Ibdāʼ wa-al-iʻādah fī maslak Sāʼiq al-saʻādah.</subfield>
	</datafield>
	<datafield ind1="0" ind2="8" tag="776">
		<subfield code="i">Print version:</subfield>
		<subfield code="a">Jazāʼirī, ʻUmar bin Qaddūr.</subfield>
		<subfield code="t">al-Juzʼ al-awwal min Kitāb al-ibdāʼ wa-al-iʻādah fī maslak Sāʼiq al-saʻādah</subfield>
		<subfield code="w">(NjP)385992</subfield>
		<subfield code="w">(OCoLC)82949690</subfield>
	</datafield>
	<datafield ind1="4" ind2="0" tag="856">
		<subfield code="u">http://hdl.handle.net/2333.1/6hdr83vj</subfield>
	</datafield>
	<datafield ind1="1" ind2=" " tag="880">
		<subfield code="6">100-01</subfield>
		<subfield code="a">جزائري، عمر بن قدور.</subfield>
	</datafield>
	<datafield ind1="1" ind2="0" tag="880">
		<subfield code="6">240-02</subfield>
		<subfield code="a">ابداء والاعادة</subfield>
	</datafield>
	<datafield ind1="1" ind2="2" tag="880">
		<subfield code="6">245-03</subfield>
		<subfield code="a">الجزء الاول من كتاب الابداء والاعادة في مسلك سائق السعادة /</subfield>
		<subfield code="c">تأليف عمر بن قدور الجزائري.</subfield>
	</datafield>
	<datafield ind1=" " ind2=" " tag="880">
		<subfield code="6">260-04</subfield>
		<subfield code="a">الجزائر :</subfield>
		<subfield code="b">ع.ب.ق. الجزائري،</subfield>
		<subfield code="c">1928</subfield>
	</datafield>
	<datafield ind1="1" ind2=" " tag="880">
		<subfield code="6">700-05</subfield>
		<subfield code="a">جزائري، عمر بن قدور.</subfield>
		<subfield code="t">سائق السعادة.</subfield>
	</datafield>
	<datafield ind1="0" ind2=" " tag="880">
		<subfield code="6">740-06</subfield>
		<subfield code="a">كتاب الابداء والاعادة في مسلك سائق السعادة.</subfield>
	</datafield>
	<datafield ind1="0" ind2=" " tag="880">
		<subfield code="6">740-07</subfield>
		<subfield code="a">ابداء والاعادة في مسلك سائق السعادة.</subfield>
	</datafield>
	<datafield ind1=" " ind2=" " tag="959">
		<subfield code="a">NNU</subfield>
		<subfield code="b">WEB</subfield>
		<subfield code="c">GENI</subfield>
		<subfield code="t">0</subfield>
		<subfield code="m">Electronic access</subfield>
		<subfield code="s">01</subfield>
	</datafield>
	<datafield ind1=" " ind2=" " tag="999">
		<subfield code="i">NjP_385992</subfield>
		<subfield code="o">(OCoLC)ocm82949690</subfield>
		<subfield code="s">princeton_aco003101:v. 1</subfield>
		<subfield code="e">(ERROR-MISC)</subfield>
		<subfield code="s">princeton_aco003101:v. 1</subfield>
	</datafield>
</record>
